
@INPROCEEDINGS{IDragomir2012,
  AUTHOR =       "I. Dragomir and I. Ober and D. Lesens",
  TITLE =        "A Case Study in Formal System Engineering with SysML",
  BOOKTITLE =    "17th International Conference on Engineering of Complex Computer Systems (ICECCS '12)",
  YEAR =         "2012",
  publisher =    "IEEE",
  file = F
}

@INPROCEEDINGS{IOber2010,
  AUTHOR =       "I. Ober and I. Dragomir",
  TITLE =        "OMEGA2: A new version of the profile and the tools",
  BOOKTITLE =    "15th International Conference on Engineering of Complex Computer Systems (ICECCS '10) ",
  YEAR =         "2010",
  publisher =    "IEEE",
  file = F
}

@INPROCEEDINGS{IOber2006,
  AUTHOR =       "I. Ober and S. Graf and I. Ober",
  TITLE =        "Validating timed UML models by simulation and verification",
  BOOKTITLE =    "International Journal on Software Tools for Technology Transfer (STTT '06)",
  YEAR =         "2006",
  publisher =    "Springer, Volume 8, Issue 2, pp 128-145",
  file = F
}

@BOOK{EMClarke1999,
  AUTHOR =       "E. M. Clarke and O. Grumberg and D. A. Peled",
  TITLE =        "Model Checking",
  PUBLISHER =    "MIT Press",
  YEAR =         "1999",
  address =      "London",
  file = F
}

@MANUAL{Omegaifx,
      AUTHOR = "Verimag and Irit",
      TITLE = "OMEGA2-IFx for UML/SysML v2.0, Profile and Toolset, User Manual Document v1.1",
       YEAR = {2011}
}

@MISC{MAhmad2013,
      AUTHOR = "M. Ahmad and I. Dragomir",
      TITLE = "Ambient Assisted Living System Properties Modeling and Verification Using OMEGA2/IFx, Internal Report University of Toulouse France",
      MONTH = "February",
      YEAR = {2013}
}

@INPROCEEDINGS{JMBruel2009,
  AUTHOR =       "J. M. Bruel and N. Belloir and M. Ahmad",
  TITLE =        "Un Profile SysML pour les Systèmes Auto-Adaptatifs",
  BOOKTITLE =    "15\`eme Colloque National de la Recherche en IUT (CNRIUT '09)",
  YEAR =         "2009",
  file = F
}

@INPROCEEDINGS{JWhittle2009,
  AUTHOR =       "J. Whittle and P. Sawyer and N. Bencomo and B. H. C. Cheng and J. M. Bruel",
  TITLE =        "RELAX: Incorporating Uncertainty into the Speciﬁcation of Self-Adaptive systems",
  BOOKTITLE =    "17th International Requirements Engineering Conference, RE '09.",
  YEAR =         "2009",
  publisher =    "IEEE",
  file = F
}

@INPROCEEDINGS{MAhmad2012,
  AUTHOR =       "M. Ahmad and J. M. Bruel and R. Laleau and C. Gnaho",
  TITLE =        "Using RELAX, SysML and KAOS for Ambient Systems Requirements Modeling",
  BOOKTITLE =    "The 3rd International Conference on Ambient Systems, Networks and Technologies (ANT '12)",
  YEAR =         "2012",
  publisher =    "Elsevier Procedia Computer Science, Volume 10, Pages 474 - 481",
  file = F
}

@INPROCEEDINGS{CGnaho2010,
  AUTHOR =       "C. Gnaho and F. Semmak",
  TITLE =        "Une extension SysML pour l'ing\'enierie  des exigences non-fonctionnelles orient\'ee  but",
  BOOKTITLE =    "Ing\'enierie des Syst\`emes d'Information",
  YEAR =         "2010",
  publisher =    "Lavoisier Paris FRANCE ",
  file = F
}

@INPROCEEDINGS{KBenghazi2009,
  AUTHOR =       "K. Benghazi and M. V. Hurtado and M. L. Rodr\'iguez and M. Noguera",
  TITLE =        "Applying Formal Verification Techniques to Ambient Assisted Living Systems",
  BOOKTITLE =    "OnTheMove Workshop (OTM '09)",
  YEAR =         "2009",
  publisher =    "Springer-Verlag Berlin Heidelberg 2009",
  file = F
}

@INPROCEEDINGS{JNehmer2006,
  AUTHOR =       "J. Nehmer and M. Becker and A. Karshmer and R. Lamm",
  TITLE =        "Living assistance systems: an ambient intelligence approach",
  BOOKTITLE =    "Proceedings of the 28th international conference on Software engineering (ICSE '06 )",
  YEAR =         "2006",
  publisher =    "ACM",
  file = F
}

@INPROCEEDINGS{LApvrille2006,
  AUTHOR =       "L. Apvrille and P. de Saqui-Sannes and F. Khendek",
  TITLE =        "TURTLE-P: a UML profile for the formal validation of critical and distributed systems",
  BOOKTITLE =    "Software and Systems Modeling (SSM '06)",
  YEAR =         "2006",
  publisher =    "Springer, Volume 5, Issue 4, pp 449-466",
  file = F
}

@INPROCEEDINGS{IOber2011,
  AUTHOR =       "I. Ober and I. Dragomir",
  TITLE =        "Unambiguous UML Composite Structures: The OMEGA2 Experience",
  BOOKTITLE =    "Theory and Practice of Computer Science (SOFSEM '11)",
  YEAR =         "2011",
  publisher =    "Springer, Volume 6543, pp 418-430",
  file = F
}

@INPROCEEDINGS{SBornot2000,
  AUTHOR =       "S. Bornot and J. Sifakis",
  TITLE =        "An Algebraic Framework for Urgency",
  BOOKTITLE =    "Information and Computation (IC '00)",
  YEAR =         "2000",
  publisher =    "Elsevier, Volume 163, Issue 1, Pages 172–202",
  file = F
}

@INPROCEEDINGS{MBozga2004,
  AUTHOR =       "M. Bozga and S. Graf and I. Ober and I. Ober and J. Sifakis",
  TITLE =        "The IF Toolset",
  BOOKTITLE =    "Formal Methods for the Design of Real-Time Systems (FMDRTS '04)",
  YEAR =         "2004",
  publisher =    "Springer Berlin/Heidelberg",
  file = F
}

